<?xml version="1.0" encoding="UTF-8"?>
<collection
  xmlns:xsi="http://www.w3.org/2001/XMLSchema-instance"
  xsi:schemaLocation="http://www.loc.gov/MARC21/slim http://www.loc.gov/standards/marcxml/schema/MARC21slim.xsd"
  xmlns="http://www.loc.gov/MARC21/slim">

<record>
  <leader>03834mkm a2200577 a 4500</leader>
  <controlfield tag="001">3462197</controlfield>
  <controlfield tag="005">20100226103352.0</controlfield>
  <controlfield tag="008">890420s1923    xx ||| |||||||    k|eng d</controlfield>
  <datafield tag="035" ind1=" " ind2=" ">
    <subfield code="a">(OCoLC)83318492</subfield>
  </datafield>
  <datafield tag="035" ind1=" " ind2=" ">
    <subfield code="a">(OCoLC)ocm83318492</subfield>
  </datafield>
  <datafield tag="035" ind1=" " ind2=" ">
    <subfield code="a">(CStRLIN)NYDA89-F471</subfield>
  </datafield>
  <datafield tag="035" ind1=" " ind2=" ">
    <subfield code="9">AAA2668AD</subfield>
  </datafield>
  <datafield tag="035" ind1=" " ind2=" ">
    <subfield code="a">(NNC)3462197</subfield>
  </datafield>
  <datafield tag="040" ind1=" " ind2=" ">
    <subfield code="a">NNC</subfield>
    <subfield code="c">NNC</subfield>
    <subfield code="e">gihc</subfield>
  </datafield>
  <datafield tag="043" ind1=" " ind2=" ">
    <subfield code="a">n-us-ca</subfield>
  </datafield>
  <datafield tag="090" ind1=" " ind2=" ">
    <subfield code="i">08/16/01 X</subfield>
    <subfield code="h">01/09/92 N</subfield>
  </datafield>
  <datafield tag="100" ind1="1" ind2=" ">
    <subfield code="a">Greene, Henry Mather,</subfield>
    <subfield code="d">1870-1954.</subfield>
  </datafield>
  <datafield tag="240" ind1="1" ind2="0">
    <subfield code="a">California Institute of Technology (Pasadena, Calif.).</subfield>
    <subfield code="p">Dugout</subfield>
  </datafield>
  <datafield tag="245" ind1="1" ind2="0">
    <subfield code="a">Plans of the "dug-out" for the California Institute of Technology [at Pasadena, California]</subfield>
    <subfield code="h">[graphic] /</subfield>
    <subfield code="c">Henry M. Greene, Arch't.</subfield>
  </datafield>
  <datafield tag="260" ind1=" " ind2=" ">
    <subfield code="c">1923</subfield>
  </datafield>
  <datafield tag="300" ind1=" " ind2=" ">
    <subfield code="a">8 drawings :</subfield>
    <subfield code="b">various media ;</subfield>
    <subfield code="c">41.5 x 72.4 cm. (16 3/8 x 28 1/2 in.) or smaller +</subfield>
    <subfield code="e">2 booklets and 1 slip of paper.</subfield>
  </datafield>
  <datafield tag="500" ind1=" " ind2=" ">
    <subfield code="a">Bracketed title elements supplied by cataloger or taken from inventory.</subfield>
  </datafield>
  <datafield tag="500" ind1=" " ind2=" ">
    <subfield code="a">Forms part of the Greene &amp; Greene collection of architectural drawings ; job no. 453.</subfield>
  </datafield>
  <datafield tag="500" ind1=" " ind2=" ">
    <subfield code="a">This set consists of 5 pencil drawings on tracing paper, 2 pencil drawings with crayon on tracing paper, and 1 pencil drawn with ink on paper.  It also contains 2 typescript booklets with 3 pages each, both entitled -- "Painting specification for a one story frame building for the California Institute of Technology at Pasadena, California, Aug. 1923".  No accession nos. were assigned to the booklets and they were not filmed.  The accession no. 1960.001.00703 has been assigned to a slip of paper included in the set which contains the words in crayon - "A section through on 1/4 scale".  This slip of paper was not filmed.</subfield>
  </datafield>
  <datafield tag="561" ind1=" " ind2=" ">
    <subfield code="a">Gift of Jean Murray Bangs (Mrs. Harwell Hamilton Harris), 1960; formerly the collection of Charles Sumner Greene.</subfield>
  </datafield>
  <datafield tag="650" ind1=" " ind2="7">
    <subfield code="a">Universities.</subfield>
    <subfield code="2">aat</subfield>
  </datafield>
  <datafield tag="650" ind1=" " ind2="7">
    <subfield code="a">Literary and scientific institutes.</subfield>
    <subfield code="2">aat</subfield>
  </datafield>
  <datafield tag="650" ind1=" " ind2="7">
    <subfield code="a">Roof trusses.</subfield>
    <subfield code="2">aat</subfield>
  </datafield>
  <datafield tag="655" ind1=" " ind2="7">
    <subfield code="a">Detail drawings.</subfield>
    <subfield code="2">aat</subfield>
  </datafield>
  <datafield tag="655" ind1=" " ind2="7">
    <subfield code="a">Sketches.</subfield>
    <subfield code="2">aat</subfield>
  </datafield>
  <datafield tag="655" ind1=" " ind2="7">
    <subfield code="a">Preliminary drawings.</subfield>
    <subfield code="2">aat</subfield>
  </datafield>
  <datafield tag="655" ind1=" " ind2="7">
    <subfield code="a">Architectural drawings.</subfield>
    <subfield code="2">aat</subfield>
  </datafield>
  <datafield tag="650" ind1=" " ind2="7">
    <subfield code="a">Orthographic drawings.</subfield>
    <subfield code="2">aat</subfield>
  </datafield>
  <datafield tag="691" ind1=" " ind2="0">
    <subfield code="a">Pasadena (Calif.)</subfield>
  </datafield>
  <datafield tag="697" ind1="2" ind2="4">
    <subfield code="a">California Institute of Technology (Pasadena, Calif.)</subfield>
  </datafield>
  <datafield tag="650" ind1=" " ind2="0">
    <subfield code="a">Architecture</subfield>
    <subfield code="z">United States</subfield>
    <subfield code="v">Designs and plans.</subfield>
  </datafield>
  <datafield tag="700" ind1="1" ind2=" ">
    <subfield code="a">Blacker, Robert R.</subfield>
  </datafield>
  <datafield tag="710" ind1="2" ind2=" ">
    <subfield code="a">California Institute of Technology.</subfield>
  </datafield>
  <datafield tag="755" ind1=" " ind2=" ">
    <subfield code="a">Pencil drawings.</subfield>
    <subfield code="2">aat</subfield>
  </datafield>
  <datafield tag="755" ind1=" " ind2=" ">
    <subfield code="a">Crayon drawings.</subfield>
    <subfield code="2">aat</subfield>
  </datafield>
  <datafield tag="755" ind1=" " ind2=" ">
    <subfield code="a">Ink drawings.</subfield>
    <subfield code="2">aat</subfield>
  </datafield>
  <datafield tag="799" ind1="4" ind2="1">
    <subfield code="a">The Greene &amp; Greene collection of architectural drawings.</subfield>
  </datafield>
  <datafield tag="789" ind1="0" ind2=" ">
    <subfield code="1">[1]</subfield>
    <subfield code="i">NYDA.1960.001.00695.</subfield>
    <subfield code="v">[AVERYimage].</subfield>
    <subfield code="t">South elevation, plan, east elevation, north elevation :</subfield>
    <subfield code="n">Sheet no. 1.</subfield>
  </datafield>
  <datafield tag="789" ind1="0" ind2=" ">
    <subfield code="1">[2]</subfield>
    <subfield code="i">NYDA.1960.001.00696.</subfield>
    <subfield code="v">[AVERYimage].</subfield>
    <subfield code="t">Front [i.e. south] elevation, plan, side [i.e. east] elevation, end [i.e. north] elevation.</subfield>
  </datafield>
  <datafield tag="789" ind1="0" ind2=" ">
    <subfield code="1">[3]</subfield>
    <subfield code="i">NYDA.1960.001.00697.</subfield>
    <subfield code="v">[AVERYimage].</subfield>
    <subfield code="t">Side [elevation, section through roof], plan, end elevation,</subfield>
    <subfield code="d">5/20/23.</subfield>
    <subfield code="o">Proposed dugout for Cal. Tech. -- R. R. Blacker.</subfield>
  </datafield>
  <datafield tag="789" ind1="0" ind2=" ">
    <subfield code="1">[4]</subfield>
    <subfield code="i">NYDA.1960.001.00698.</subfield>
    <subfield code="v">[AVERYimage].</subfield>
    <subfield code="t">Section and truss details -- section between trusses ; section [showing floor, wall, roof and porch] ; details] of joint 1, joint 2, joint 3 [and] joint 4 ; plan of tie beam showing joints :</subfield>
    <subfield code="n">Sheet no. 2.</subfield>
  </datafield>
  <datafield tag="789" ind1="0" ind2=" ">
    <subfield code="1">[5]</subfield>
    <subfield code="i">NYDA.1960.001.00699.</subfield>
    <subfield code="v">[AVERYimage].</subfield>
    <subfield code="t">Section [showing floor, wall, rof and porch ; detail drawings of truss showing joints ; stress diagram ; tables and calculations].</subfield>
    <subfield code="o">Encapsulated in mylar.</subfield>
  </datafield>
  <datafield tag="789" ind1="0" ind2=" ">
    <subfield code="1">[6]</subfield>
    <subfield code="i">NYDA.1960.001.00700.</subfield>
    <subfield code="v">[AVERYimage].</subfield>
    <subfield code="t">Roof over runway -- plan, section A-A, west elevation :</subfield>
    <subfield code="n">Sheet no. 3.</subfield>
  </datafield>
  <datafield tag="789" ind1="0" ind2=" ">
    <subfield code="1">[7]</subfield>
    <subfield code="i">NYDA.1960.001.00701.</subfield>
    <subfield code="v">[AVERYimage].</subfield>
    <subfield code="t">[Sketch of section through roof, calculations]</subfield>
  </datafield>
  <datafield tag="789" ind1="0" ind2=" ">
    <subfield code="1">[8]</subfield>
    <subfield code="i">NYDA.1960.001.00702.</subfield>
    <subfield code="v">[AVERYimage].</subfield>
    <subfield code="t">[Detail drawings of] end joint [for roof truss]</subfield>
  </datafield>
  <datafield tag="900" ind1=" " ind2=" ">
    <subfield code="a">AUTH</subfield>
  </datafield>
</record>

</collection>